@incollection{menegatti2017gender,
  title={Gender bias and sexism in language},
  author={Menegatti, Michela and Rubini, Monica},
  booktitle={Oxford Research Encyclopedia of Communication},
  year={2017}
}

@article{larson2017gender,
  title={Gender as a variable in natural-language processing: Ethical considerations},
  author={Larson, Brian N},
  year={2017}
}

@article{braun2005cognitive,
  title={Cognitive effects of masculine generics in German: An overview of empirical findings},
  author={Braun, Friederike and Sczesny, Sabine and Stahlberg, Dagmar},
  year={2005},
  publisher={Walter de Gruyter}
}
